<?xml version="1.0" encoding="UTF-8"?><record xmlns="http://www.loc.gov/MARC21/slim" xmlns:cinclude="http://apache.org/cocoon/include/1.0" xmlns:zs="http://www.loc.gov/zing/srw/">
  <leader>01107cz  a2200217n  4500</leader>
  <controlfield tag="001">n 2004024253</controlfield>
  <controlfield tag="003">DLC</controlfield>
  <controlfield tag="005">20110122074817.0</controlfield>
  <controlfield tag="008">040105n| acaabaaan          |a ana      </controlfield>
  <datafield tag="010" ind1=" " ind2=" ">
    <subfield code="a">n 2004024253</subfield>
  </datafield>
  <datafield tag="035" ind1=" " ind2=" ">
    <subfield code="a">(OCoLC)oca06240502</subfield>
  </datafield>
  <datafield tag="040" ind1=" " ind2=" ">
    <subfield code="a">DLC</subfield>
    <subfield code="b">eng</subfield>
    <subfield code="c">DLC</subfield>
    <subfield code="d">DLC</subfield>
    <subfield code="d">NcU</subfield>
  </datafield>
  <datafield tag="130" ind1=" " ind2="0">
    <subfield code="a">Collection "Documents pour l'histoire des francophonies".</subfield>
    <subfield code="p">Europe</subfield>
  </datafield>
  <datafield tag="430" ind1=" " ind2="0">
    <subfield code="a">Collection "Documents pour l'histoire des francophonies".</subfield>
    <subfield code="p">Série "Europe"</subfield>
  </datafield>
  <datafield tag="430" ind1=" " ind2="0">
    <subfield code="a">Documents pour l'histoire des francophonies.</subfield>
    <subfield code="p">Europe</subfield>
  </datafield>
  <datafield tag="643" ind1=" " ind2=" ">
    <subfield code="a">Bruxelles</subfield>
    <subfield code="b">P.I.E.-Peter Lang</subfield>
  </datafield>
  <datafield tag="644" ind1=" " ind2=" ">
    <subfield code="a">f</subfield>
    <subfield code="5">DLC</subfield>
  </datafield>
  <datafield tag="645" ind1=" " ind2=" ">
    <subfield code="a">t</subfield>
    <subfield code="5">DLC</subfield>
  </datafield>
  <datafield tag="646" ind1=" " ind2=" ">
    <subfield code="a">s</subfield>
    <subfield code="5">DLC</subfield>
  </datafield>
  <datafield tag="670" ind1=" " ind2=" ">
    <subfield code="a">Entre aventures, syllogismes et confessions, 2003:</subfield>
    <subfield code="b">t.p. (Collection "Documents pour l'histoire des francophonies / Europe") series t.p. (Documents pour l'histoire des francophonies) p. [375] (lists 3 volumes in main series, each, no 2 &amp; 3 in série "Europe"; no 1 in série "Théorie")</subfield>
  </datafield>
  <datafield tag="670" ind1=" " ind2=" ">
    <subfield code="a">André Baillon : inventer l'autre, c2009:</subfield>
    <subfield code="b">t.p. (Collection "Documents pour l'histoire des francophonies / Europe") series t.p. (Documents pour l'histoire des francophonies)</subfield>
  </datafield>
</record>